@inproceedings{herbst2013elasticity,
  title={Elasticity in Cloud Computing: What It Is, and What It Is Not.},
  author={Herbst, Nikolas Roman and Kounev, Samuel and Reussner, Ralf H},
  booktitle={ICAC},
  pages={23--27},
  year={2013}
}

@inproceedings{galante2012survey,
  title={A survey on cloud computing elasticity},
  author={Galante, Guilherme and de Bona, Luis Carlos E},
  booktitle={Utility and Cloud Computing (UCC), 2012 IEEE Fifth International Conference on},
  pages={263--270},
  year={2012},
  organization={IEEE}
}

@article{gulati2011cloud,
  title={Cloud Scale Resource Management: Challenges and Techniques.},
  author={Gulati, Ajay and Shanmuganathan, Ganesha and Holler, Anne M and Ahmad, Irfan},
  journal={HotCloud},
  volume={11},
  pages={3--3},
  year={2011}
}

@inproceedings{sharma2011cost,
  title={A cost-aware elasticity provisioning system for the cloud},
  author={Sharma, Upendra and Shenoy, Prashant and Sahu, Sambit and Shaikh, Anees},
  booktitle={Distributed Computing Systems (ICDCS), 2011 31st International Conference on},
  pages={559--570},
  year={2011},
  organization={IEEE}
}

@article{moore2013coordinated,
  title={A coordinated reactive and predictive approach to cloud elasticity},
  author={Moore, Laura R and Bean, Kathryn and Ellahi, Tariq},
  year={2013},
  publisher={Citeseer}
}
